<?xml version="1.0" encoding="UTF-8"?>
<record xmlns:mx="http://www.loc.gov/MARC21/slim" xmlns:xsi="http://www.w3.org/2001/XMLSchema-instance" id="mrc_1380891" xsi:schemaLocation="http://www.loc.gov/standards/marcxml/schema/MARC21slim.xsd"><leader>05336nas a2200024 c 4500</leader><controlfield tag="001">1380891</controlfield><controlfield tag="005">20191116</controlfield><controlfield tag="007">ta</controlfield><controlfield tag="008">950325d17981882|| w||n| |||||||||||ger||</controlfield><datafield tag="016" ind1="7" ind2=" "><subfield code="a">505329-8</subfield><subfield code="2">DE-600</subfield></datafield><datafield tag="016" ind1="7" ind2=" "><subfield code="a">012650633</subfield><subfield code="2">DE-101</subfield></datafield><datafield tag="020" ind1=" " ind2=" "><subfield code="a">3598524102</subfield></datafield><datafield tag="022" ind1=" " ind2=" "><subfield code="a">2510-7461</subfield></datafield><datafield tag="022" ind1=" " ind2=" "><subfield code="a">2510-7461</subfield></datafield><datafield tag="024" ind1="8" ind2=" "><subfield code="a">VD18 90291972</subfield></datafield><datafield tag="035" ind1=" " ind2=" "><subfield code="a">(OCoLC)224555516</subfield></datafield><datafield tag="035" ind1=" " ind2=" "><subfield code="a">(DE-604)BV002720696</subfield></datafield><datafield tag="035" ind1=" " ind2=" "><subfield code="a">(XX-XxUND)ZDB505329-8</subfield></datafield><datafield tag="041" ind1="0" ind2=" "><subfield code="a">ger</subfield></datafield><datafield tag="084" ind1=" " ind2=" "><subfield code="a">9,2</subfield><subfield code="2">ssgn</subfield></datafield><datafield tag="084" ind1=" " ind2=" "><subfield code="a">070</subfield><subfield code="q">DE-12</subfield></datafield><datafield tag="084" ind1=" " ind2=" "><subfield code="a">780</subfield><subfield code="q">DE-12</subfield></datafield><datafield tag="210" ind1="1" ind2="0"><subfield code="a">Allgemeine musikalische Zeitung (Leipzig. 1869)</subfield></datafield><datafield tag="210" ind1="0" ind2="0"><subfield code="2">din1430</subfield></datafield><datafield tag="245" ind1="0" ind2="0"><subfield code="a">Allgemeine musikalische Zeitung</subfield></datafield><datafield tag="246" ind1="1" ind2="3"><subfield code="a">Bibliothek der deutschen Literatur / Allgemeine musikalische Zeitung</subfield></datafield><datafield tag="264" ind1="3" ind2="1"><subfield code="a">Leipzig ; Winterthur</subfield><subfield code="b">Rieter-Biedermann</subfield><subfield code="c">1798-1882</subfield></datafield><datafield tag="264" ind1=" " ind2="1"><subfield code="a">Leipzig</subfield><subfield code="b">Breitkopf und Härtel</subfield><subfield code="c">1798-1865</subfield></datafield><datafield tag="336" ind1=" " ind2=" "><subfield code="a">Text</subfield><subfield code="b">txt</subfield><subfield code="2">rdacontent</subfield></datafield><datafield tag="337" ind1=" " ind2=" "><subfield code="a">Mikroform</subfield><subfield code="b">h</subfield><subfield code="2">rdamedia</subfield></datafield><datafield tag="337" ind1=" " ind2=" "><subfield code="a">ohne Hilfsmittel zu benutzen</subfield><subfield code="b">n</subfield><subfield code="2">rdamedia</subfield></datafield><datafield tag="338" ind1=" " ind2=" "><subfield code="a">Mikrofiche</subfield><subfield code="b">he</subfield><subfield code="2">rdacarrier</subfield></datafield><datafield tag="338" ind1=" " ind2=" "><subfield code="a">Band</subfield><subfield code="b">nc</subfield><subfield code="2">rdacarrier</subfield></datafield><datafield tag="362" ind1="0" ind2=" "><subfield code="a">1.1798/99,1(3.Okt.) - 50.1848; N.F. 1.1863 - 3.1865; [3.Ser.] 4.1869 - 17.1882</subfield></datafield><datafield tag="500" ind1=" " ind2=" "><subfield code="a">Repr.: Amsterdam : Knuf, 1969</subfield></datafield><datafield tag="515" ind1=" " ind2=" "><subfield code="a">1883 - 1884 nicht ersch.; Periodizität: wöchentl.</subfield></datafield><datafield tag="530" ind1=" " ind2=" "><subfield code="a">Mikrofiche-Ausg.: Leiden : IPC. - Mikrofiche-Ausg.: München [u.a.] : Saur, 1991. 89 Mikrofiches Nr.5351-5439 : 42x. (Bibliothek der deutschen Literatur)</subfield></datafield><datafield tag="533" ind1=" " ind2=" "><subfield code="7">d19911991</subfield><subfield code="b">München [u.a.]</subfield><subfield code="c">Saur</subfield><subfield code="b">Leiden</subfield><subfield code="c">IPC</subfield><subfield code="f">Bibliothek der deutschen Literatur</subfield><subfield code="n">ISBN 3-598-52410-2</subfield></datafield><datafield tag="555" ind1=" " ind2=" "><subfield code="a">Index in: Répertoire international de la presse musicale</subfield></datafield><datafield tag="650" ind1="0" ind2="7"><subfield code="a">Musikzeitschrift</subfield><subfield code="0">(DE-588)4128543-8</subfield><subfield code="0">(DE-12)52524</subfield><subfield code="2">gnd</subfield></datafield><datafield tag="650" ind1="0" ind2="7"><subfield code="a">Musik</subfield><subfield code="0">(DE-588)4040802-4</subfield><subfield code="0">(DE-12)14871</subfield><subfield code="2">gnd</subfield></datafield><datafield tag="655" ind1=" " ind2="7"><subfield code="a">Zeitung</subfield><subfield code="0">(DE-588)4067510-5</subfield><subfield code="2">gnd-content</subfield></datafield><datafield tag="688" ind1=" " ind2=" "><subfield code="a">Music</subfield><subfield code="0">(DE-588)4040802-4</subfield></datafield><datafield tag="688" ind1=" " ind2=" "><subfield code="a">Musique</subfield><subfield code="0">(DE-588)4040802-4</subfield></datafield><datafield tag="689" ind1="0" ind2="1"><subfield code="A">s</subfield><subfield code="a">Musikzeitschrift</subfield><subfield code="0">(DE-588)4128543-8</subfield><subfield code="0">(DE-12)52524</subfield><subfield code="5">(DE-101)</subfield></datafield><datafield tag="689" ind1="1" ind2="1"><subfield code="A">s</subfield><subfield code="a">Musik</subfield><subfield code="0">(DE-588)4040802-4</subfield><subfield code="0">(DE-12)14871</subfield><subfield code="5">(DE-101)</subfield></datafield><datafield tag="690" ind1=" " ind2=" "><subfield code="a">Musik / Zeitschrift</subfield><subfield code="0">(DE-588)4128543-8</subfield></datafield><datafield tag="690" ind1=" " ind2=" "><subfield code="a">Musikalische Zeitschrift</subfield><subfield code="0">(DE-588)4128543-8</subfield></datafield><datafield tag="690" ind1=" " ind2=" "><subfield code="a">Musikzeitschriften</subfield><subfield code="0">(DE-588)4128543-8</subfield></datafield><datafield tag="700" ind1="1" ind2=" "><subfield code="a">Rochlitz, Friedrich, 1769-1842</subfield><subfield code="d">1769-1842</subfield><subfield code="e">Mitwirkender</subfield><subfield code="0">(DE-588)118601644</subfield></datafield><datafield tag="709" ind1="1" ind2=" "><subfield code="a">Rochlitz, Johann F., 1769-1842</subfield><subfield code="0">(DE-588)118601644</subfield></datafield><datafield tag="709" ind1="1" ind2=" "><subfield code="a">Rochlitz-Schmidt, 1769-1842</subfield><subfield code="0">(DE-588)118601644</subfield></datafield><datafield tag="709" ind1="1" ind2=" "><subfield code="a">Rochlitz, Johann Friedrich, 1769-1842</subfield><subfield code="v">DBI 2.A., ADB, BLC; MGG</subfield><subfield code="0">(DE-588)118601644</subfield></datafield><datafield tag="709" ind1="1" ind2=" "><subfield code="a">Rochlitz, Friedrich J., 1769-1842</subfield><subfield code="0">(DE-588)118601644</subfield></datafield><datafield tag="709" ind1="1" ind2=" "><subfield code="a">Rochlitz, M., 1769-1842</subfield><subfield code="0">(DE-588)118601644</subfield></datafield><datafield tag="751" ind1=" " ind2=" "><subfield code="a">Leipzig</subfield><subfield code="4">dbp</subfield><subfield code="0">(DE-588)4035206-7</subfield><subfield code="2">gnd</subfield></datafield><datafield tag="770" ind1="0" ind2="8"><subfield code="i">Beil.:</subfield><subfield code="t">Allgemeine musikalische Zeitung / Intelligenzblatt. Intelligenzblatt zur Allgemeinen musikalischen Zeitung</subfield><subfield code="d">Leipzig : Breitkopf u. Härtel, 1798-1838</subfield><subfield code="w">(DE-604)BV035921465</subfield></datafield><datafield tag="770" ind1="0" ind2="8"><subfield code="i">Beil.:</subfield><subfield code="a">Anton Diabelli und Compagnie &lt;Wien&gt;</subfield><subfield code="t">Ostermesse-Bericht / von A. Diabelli &amp; Comp., K. K. Hof- und Priv. Kunst- und Musikalienhändler in Wien</subfield><subfield code="d">Wien : Diabelli, 1833-1848</subfield><subfield code="w">1011492-0</subfield></datafield><datafield tag="770" ind1="0" ind2="8"><subfield code="i">Beil.:</subfield><subfield code="a">Breitkopf &amp; Härtel &lt;Leipzig&gt;</subfield><subfield code="t">Neue Musikalien im Verlag von Breitkopf &amp; Härtel in Leipzig</subfield><subfield code="d">Leipzig : Breitkopf &amp; Härtel, 1832-1836</subfield><subfield code="w">2532437-8</subfield></datafield><datafield tag="773" ind1="1" ind2=" "><subfield code="9">c</subfield></datafield><datafield tag="776" ind1="1" ind2="8"><subfield code="i">Elektronische Reproduktion</subfield><subfield code="t">Allgemeine musikalische Zeitung</subfield><subfield code="d">Leipzig ; Winterthur : Rieter-Biedermann, 1798-1882</subfield><subfield code="h">Online-Ressource</subfield><subfield code="w">(DE-604)BV041542417</subfield></datafield><datafield tag="785" ind1="0" ind2="0"><subfield code="i">1860 - 1862</subfield><subfield code="t">Deutsche Musik-Zeitung</subfield><subfield code="d">Wien : Wessely &amp; Büsing, 1860-1862</subfield><subfield code="A">8</subfield><subfield code="w">(DE-604)BV002720700</subfield></datafield><datafield tag="785" ind1="0" ind2="0"><subfield code="i">[3.Ser.] 1.1866 - 3.1868</subfield><subfield code="t">Leipziger allgemeine musikalische Zeitung</subfield><subfield code="d">Leipzig ; Winterthur : Rieter-Biedermann, 1866-1868</subfield><subfield code="x">2510-747X</subfield><subfield code="A">8</subfield><subfield code="w">(DE-604)BV002720706</subfield></datafield><datafield tag="785" ind1="0" ind2="0"><subfield code="i">Vereinigt, um ... zu bilden</subfield><subfield code="t">Allgemeine Musikzeitung</subfield><subfield code="d">Berlin ; Leipzig ; Köln ; München : Breitkopf &amp; Härtel, 1885-1943</subfield><subfield code="A">7</subfield><subfield code="w">(DE-604)BV002599827</subfield></datafield><datafield tag="981" ind1=" " ind2=" "><subfield code="a">BV000328630</subfield><subfield code="b">N.F.</subfield><subfield code="c">1.1863 - 3.1865</subfield><subfield code="f">Repr. 1969</subfield><subfield code="g">4 Mus.th. 92.353</subfield><subfield code="h">Hbm</subfield><subfield code="i">Hbm/Jz 12,NF</subfield><subfield code="m">H</subfield><subfield code="n">|d1|j1863|n3|k1865</subfield></datafield><datafield tag="981" ind1=" " ind2=" "><subfield code="a">BV000328625</subfield><subfield code="c">6.1802/03 - 50.1848</subfield><subfield code="f">Mikrofiche-Ausg. sep. aufgest., Signatur: Hbm Jz 12. - [50,a]: Index 1 - 50; [50,b]: Index 31 - 50</subfield><subfield code="g">4 Mus.th. 1800</subfield><subfield code="m">G</subfield><subfield code="n">|d6|j1802/03|n50|k1848</subfield></datafield><datafield tag="981" ind1=" " ind2=" "><subfield code="a">BV000328608</subfield><subfield code="b">[3.Ser.]</subfield><subfield code="c">4.1869 - 17.1882</subfield><subfield code="f">Repr. 1969</subfield><subfield code="g">4 Mus.th. 92.354</subfield><subfield code="h">Hbm</subfield><subfield code="i">Hbm/Jz 12,NF</subfield><subfield code="m">D</subfield><subfield code="n">|d4|j1869|n17|k1882</subfield></datafield><datafield tag="981" ind1=" " ind2=" "><subfield code="a">BV000328594</subfield><subfield code="c">1.1798/99 - 50.1848</subfield><subfield code="f">Mikrofiche-Ausg. sep. aufgest., Signatur: Hbm Jz 12</subfield><subfield code="g">4 Mus.th. 1800 a</subfield><subfield code="m">A</subfield><subfield code="n">|d1|j1798/99|n50|k1848</subfield></datafield><datafield tag="981" ind1=" " ind2=" "><subfield code="a">BV000328599</subfield><subfield code="b">N.F.</subfield><subfield code="c">1.1863 - 3.1865</subfield><subfield code="g">4 Mus.th. 1800,NF</subfield><subfield code="m">B</subfield><subfield code="n">1|1863|3|1865</subfield></datafield><datafield tag="981" ind1=" " ind2=" "><subfield code="a">BV000328603</subfield><subfield code="b">N.F.</subfield><subfield code="c">1.1863 - 3.1865</subfield><subfield code="g">4 Mus.th. 1800 a,NF</subfield><subfield code="m">C</subfield><subfield code="n">1|1863|3|1865</subfield></datafield><datafield tag="981" ind1=" " ind2=" "><subfield code="a">BV000328614</subfield><subfield code="b">[3.Ser.]</subfield><subfield code="c">4.1869 - 17.1882</subfield><subfield code="g">4 Mus.th. 1801</subfield><subfield code="m">E</subfield><subfield code="n">4|1869|17|1882</subfield></datafield><datafield tag="981" ind1=" " ind2=" "><subfield code="a">BV000328619</subfield><subfield code="b">[3.Ser.]</subfield><subfield code="c">4.1869 - 17.1882</subfield><subfield code="g">4 Mus.th. 1801 a</subfield><subfield code="m">F</subfield><subfield code="n">4|1869|17|1882</subfield></datafield><datafield tag="981" ind1=" " ind2=" "><subfield code="a">BV003325456</subfield><subfield code="c">18.1816</subfield><subfield code="g">4 Mus.Z 2011.142</subfield><subfield code="m">I</subfield><subfield code="n">|d18|j1816</subfield></datafield><datafield tag="981" ind1=" " ind2=" "><subfield code="a">BV003325464</subfield><subfield code="b">[3.Ser.]</subfield><subfield code="c">6.1871</subfield><subfield code="g">4 Mus.Z 2011.143</subfield><subfield code="m">J</subfield><subfield code="n">|d6|j1871</subfield></datafield><datafield tag="982" ind1=" " ind2=" "><subfield code="o">960 a</subfield><subfield code="q">zs</subfield></datafield><datafield tag="982" ind1=" " ind2=" "><subfield code="o">960 a</subfield><subfield code="q">zs</subfield></datafield><datafield tag="982" ind1=" " ind2=" "><subfield code="o">960 a</subfield><subfield code="q">zs</subfield></datafield><datafield tag="982" ind1=" " ind2=" "><subfield code="c">4 Mus.th. 92.354</subfield><subfield code="o">960 a</subfield><subfield code="q">zs</subfield></datafield><datafield tag="982" ind1=" " ind2=" "><subfield code="o">960 a</subfield><subfield code="q">zs</subfield></datafield><datafield tag="982" ind1=" " ind2=" "><subfield code="o">960 a</subfield><subfield code="q">zs</subfield></datafield><datafield tag="982" ind1=" " ind2=" "><subfield code="c">4 Mus.th. 1800</subfield><subfield code="o">960 a</subfield><subfield code="q">zs</subfield></datafield><datafield tag="982" ind1=" " ind2=" "><subfield code="c">4 Mus.th. 92.353</subfield><subfield code="o">960 a</subfield><subfield code="q">zs</subfield></datafield></record>